% Encoding: UTF-8

@Article{Purushotham2020,
  author  = {Purushotham, Neeraj and Jones, Ashley and Poudel, Barsha and Nasim, Jamila and Adorada, Dante and Sparks, Adam and Schwessinger, Benjamin and Vaghefi, Niloofar},
  title   = {Draft Genome Resource for \textit{Macrophomina phaseolina} associated with Charcoal Rot in Sorghum},
  journal = {Molecular Plant-Microbe Interactions},
  year    = {2020},
}

@Comment{jabref-meta: databaseType:bibtex;}
