% Encoding: UTF-8

@Article{Sparks2019a,
  author       = {Adam Sparks},
  title        = {Where and when does charcoal rot in sorghum occur?},
  journal      = {GRDC Communities},
  year         = {2019},
  month        = dec,
  howpublished = {GRDC Communities},
  url          = {https://communities.grdc.com.au/field-crop-diseases/charcoal-rot-sorghum/},
}

@Article{Adorada2019a,
  author       = {Dante Adorada and Adam Sparks},
  title        = {Low levels of disease persist during the drier summer season in parts of the northern region},
  journal      = {GRDC Communities},
  year         = {2019},
  month        = aug,
  howpublished = {GRDC Communities},
  url          = {https://communities.grdc.com.au/field-crop-diseases/low-disease-drier-summer-northern/},
}

@Article{Adorada2019b,
  author       = {Dante Adorada and Adam Sparks},
  title        = {Moisture saves sorghum from disease in parts of the northern region},
  journal      = {GRDC Communities},
  year         = {2019},
  month        = jul,
  howpublished = {GRDC Communities},
  url          = {https://communities.grdc.com.au/field-crop-diseases/sorghum-disease-survey/},
}

@Article{Adorada2019c,
  author       = {Dante Adorada and Niloofar Vaghefi and Adam Sparks},
  title        = {Re-visiting management options for charcoal rot in sorghum},
  journal      = {GRDC Communities},
  year         = {2019},
  month        = apr,
  howpublished = {GRDC Communities},
  url          = {https://communities.grdc.com.au/field-crop-diseases/re-visiting-management-options-charcoal-rot-sorghum/},
}

@Article{Adorada2019d,
  author       = {Dante Adorada and Lisa Kelly and Niloofar Vaghefi and Adam Sparks},
  title        = {Summer paddock survey finds fungal and bacterial diseases decreased but not eliminated},
  journal      = {GRDC Communties},
  year         = {2018},
  month        = oct,
  howpublished = {GRDC Communities},
  url          = {https://communities.grdc.com.au/field-crop-diseases/summer-paddock-survey/},
}

@Article{Sparks2017,
  author       = {Adam Sparks and Lisa Kelly},
  title        = {Mungbean powdery mildew management with fungicide},
  journal      = {GRDC Communities},
  year         = {2017},
  month        = dec,
  howpublished = {GRDC Communities},
  url          = {https://communities.grdc.com.au/field-crop-diseases/mungbean-powdery-mildew-fungicide/},
}

@Article{Adorada2017,
  author       = {Dante Adorada and Luise Sigel and Lisa Kelly and Adam Sparks},
  title        = {Diagnosing plant diseases: {What} do we ask and why do we ask for it?},
  journal      = {GRDC Communities},
  year         = {2017},
  month        = sep,
  howpublished = {GRDC Communities},
  url          = {https://communities.grdc.com.au/field-crop-diseases/diagnosing-plant-diseases-ask-ask/},
}

@Article{Sparks2014a,
  author  = {Adam Sparks and Nancy P. Castilla and Cassianna M. Vera Cruz},
  title   = {Brown Spot},
  journal = {{IRRI} Rice Knowledge Bank},
  year    = {2014},
  url     = {http://www.knowledgebank.irri.org/training/fact-sheets/pest-management/diseases/item/brown-spot},
}

@Article{Sparks2014b,
  author  = {Adam Sparks and Nancy P. Castilla and Cassianna M. Vera Cruz},
  title   = {Blast (leaf and collar)},
  journal = {{IRRI} Rice Knowledge Bank},
  year    = {2014},
  url     = {http://www.knowledgebank.irri.org/training/fact-sheets/pest-management/diseases/item/blast-leaf-collar},
}

@Article{Sparks2014d,
  author  = {Adam Sparks and Nancy P. Castilla and Cassianna M. Vera Cruz},
  title   = {Tungro},
  journal = {{IRRI} Rice Knowledge Bank},
  year    = {2014},
  url     = {http://www.knowledgebank.irri.org/training/fact-sheets/pest-management/diseases/item/sheath-blight},
}

@Article{Sparks2014c,
  author  = {Adam Sparks and Nancy P. Castilla and Cassianna M. Vera Cruz},
  title   = {Sheath blight},
  journal = {{IRRI} Rice Knowledge Bank},
  year    = {2014},
  url     = {http://www.knowledgebank.irri.org/training/fact-sheets/pest-management/diseases/item/tungro},
}

@Article{Sparks2014e,
  author  = {Adam Sparks and Nancy P. Castilla and Cassianna M. Vera Cruz},
  title   = {Leaf scald},
  journal = {{IRRI} Rice Knowledge Bank},
  year    = {2014},
  url     = {http://www.knowledgebank.irri.org/training/fact-sheets/pest-management/diseases/item/leaf-scald},
}

@Article{Sparks2014f,
  author  = {Adam Sparks and Nancy P. Castilla and Serge Savary},
  title   = {Narrow brown spot},
  journal = {{IRRI} Rice Knowledge Bank},
  year    = {2014},
  url     = {http://www.knowledgebank.irri.org/training/fact-sheets/pest-management/diseases/item/narrow-brown-spot},
}

@Article{Choi2014,
  author  = {Il Ryong Choi and Adam Sparks and Cassiana M Vera Cruz},
  title   = {Red stripe},
  journal = {{IRRI} Rice Knowledge Bank},
  year    = {2014},
  url     = {http://www.knowledgebank.irri.org/training/fact-sheets/pest-management/diseases/item/narrow-brown-spot},
}

@Article{Sparks2014,
  author  = {Adam Sparks and Nancy P. Castilla and Cassianna M. Vera Cruz},
  title   = {Bakanae},
  journal = {{IRRI} Rice Knowledge Bank},
  year    = {2014},
  url     = {http://www.knowledgebank.irri.org/training/fact-sheets/pest-management/diseases/item/bakanae},
}

@Article{Sparks2014g,
  author  = {Adam Sparks and Nancy P. Castilla and Cassianna M. Vera Cruz},
  title   = {Sheath rot},
  journal = {{IRRI} Rice Knowledge Bank},
  year    = {2014},
  url     = {http://www.knowledgebank.irri.org/training/fact-sheets/pest-management/diseases/item/sheath-rot},
}

@Article{Sparks2014h,
  author  = {Adam Sparks and Nancy P. Castilla and Cassianna M. Vera Cruz and FA Elazegui},
  title   = {Stem rot},
  journal = {{IRRI} Rice Knowledge Bank},
  year    = {2014},
  url     = {http://www.knowledgebank.irri.org/training/fact-sheets/pest-management/diseases/item/stem-rot},
}

@Article{Choi2014b,
  author  = {Il Ryong Choi and Adam Sparks and Nancy P Castilla and Cassiana M Vera Cruz},
  title   = {Rice stripe virus disease},
  journal = {{IRRI} Rice Knowledge Bank},
  year    = {2014},
  url     = {http://www.knowledgebank.irri.org/decision-tools/rice-doctor/rice-doctor-fact-sheets/item/rice-stripe},
}

@Article{Sparks2014i,
  author  = {Adam Sparks and Il Ryong Choi and Nancy Castilla},
  title   = {Rice Yellow Mottle Virus},
  journal = {{IRRI} Rice Knowledge Bank},
  year    = {2014},
  url     = {http://www.knowledgebank.irri.org/training/fact-sheets/pest-management/diseases/item/rice-yellow-mottle-virus-fact-sheet},
}

@Article{Sparks2002a,
  author  = {Adam Sparks},
  title   = {Fusarium Stalk Rot},
  journal = {Nebraska Crop Watch},
  year    = {2002},
  url     = {https://cropwatch.unl.edu/plantdisease/corn/fusarium-stalk-rot},
}

@Article{Sparks2002b,
  author  = {Adam Sparks},
  title   = {Fusarium Root Rot},
  journal = {Nebraska Crop Watch},
  year    = {2002},
  url     = {https://cropwatch.unl.edu/plantdisease/corn/fusarium-root-rot},
}

@Article{Sparks2008a,
  author  = {Adam Sparks and Megan Kennelly},
  title   = {Bacterial ring rot of potato},
  journal = {Kansas State University},
  year    = {2008},
  url     = {https://krex.k-state.edu/dspace/handle/2097/21720},
}

@Article{Sparks2008b,
  author  = {Adam Sparks and Megan Kennelly},
  title   = {Blackleg of Potato},
  journal = {Kansas State University},
  year    = {2008},
  url     = {https://krex.k-state.edu/dspace/handle/2097/21719},
}

@Article{Sparks2019b,
  author  = {Adam Sparks and Neeraj Purushotham},
  title   = {Last seasonâ€™s summer grain diseases \& sorghum charcoal rot},
  journal = {GRDC Communities Podcast},
  year    = {2019},
  month   = sep,
  url     = {https://communities.grdc.com.au/field-crop-diseases/summer-crop-diseases-podcast/},
}

@Comment{jabref-meta: databaseType:bibtex;}
