% Encoding: UTF-8

@InProceedings{Cucak2017,
  author  = {M. Cucak and A. Sparks and R. Fealy and D. Griffin and K. Lambkin and S. Kildea},
  title   = {Lowering thresholds of qualitative plant risk prediction algorithms: sensitivity versus specificity of {Irish Rules} for potato late blight development},
  year    = {2017},
  date    = {2017},
  journal = {Euroblight Workshop},
}

@InProceedings{Adorada2017,
  author    = {D. L. Adorada and S. M. Thompson and R. A. Grams and E. E. Adorada and A. Sparks and G. Wright and D. O'Connor and G. J. Ash},
  title     = {Fungi and bacteria associated with the {Peanut Kernel Shrivel (PKS)} disease in the {Bundaberg} region},
  booktitle = {Proceedings of the Australasian Plant Pathology Society 2017 Meeting},
  year      = {2017},
  date      = {2017},
  journal   = {Proceedings of the Australasian Plant Pathology Society 2017 Meeting},
}

@InProceedings{Sparks2017b,
  author    = {A. Sparks and N. P. Castilla and B. O. Sander},
  title     = {Do alternate wetting and drying irrigation technologies and nitrogen rates affect rice sheath blight?},
  booktitle = {Proceedings of the Australasian Plant Pathology Society 2017 Meeting},
  year      = {2017},
  date      = {2017},
  journal   = {Proceedings of the Australasian Plant Pathology Society 2017 Meeting},
}

@InProceedings{Sparks2015,
  author        = {A. Sparks and M. Noel},
  title         = {Mapping rice diseases for targeted deployment of resistant varieties in {India}},
  booktitle     = {Proceedings of the Australasian Plant Pathology Society 2015 Meeting},
  year          = {2015},
  date          = {2015},
  date-modified = {2017-03-21 01:53:23 +0000},
  isbn          = {978-0-646-94402-9},
  journal       = {Proceedings of the Australasian Plant Pathology Society 2015 Meeting},
}

@InProceedings{Jaisong2015,
  author        = {S. Jaisong and N. P. Castilla and C. T. Magculia and S. Savary and I. B. Pangga and A. Sparks},
  title         = {Evaluation of correlation methods for co-occurrence network construction of rice crop health survey data},
  year          = {2015},
  date          = {2015},
  isbn          = {978-0-646-94402-9},
  date-modified = {2017-03-21 01:57:48 +0000},
  journal       = {Proceedings of the Australasian Plant Pathology Society 2015 Meeting},
}

@InProceedings{Sparks2013,
  author        = {Sparks, A. and Anaurio, J. and Duku, C. and Noel, M. and Raitzer, D.},
  title         = {Modeling the impact of disease resistance on rice yields in the {Philippines} and {Indonesia}},
  booktitle     = {Proceedings of the 2013 Australasian Plant Pathology Society},
  year          = {2013},
  date          = {2013},
  date-modified = {2017-03-21 01:53:32 +0000},
  journal       = {Proceedings of the Australasian Plant Pathology Society 2013 Meeting},
  school        = {CGIAR - SPIA},
  type          = {techreport},
}

@InProceedings{Sparks2013a,
  author        = {Sparks, A. and Duku, C. and Noel, M. and Zwart, S. J.},
  title         = {Spatial modelling of rice yield losses due to bacterial leaf blight and leaf blast in a changing climate},
  booktitle     = {Acta Phytopathologica Sinica},
  year          = {2013},
  date          = {2013},
  volume        = {43},
  number        = {Supplement},
  date-modified = {2017-03-21 01:53:39 +0000},
  journal       = {Acta Phytopathologica Sinica},
}

@InProceedings{Garrett2009,
  author        = {Garrett, K. and Forbes, G. and Pande, S. and Savary, S. and Sparks, A. and Valdivia, C. and Vera Cruz, C. and Willocquet, L.},
  title         = {Anticipating and responding to biological complexity in the effects of climate change on agriculture},
  booktitle     = {IOP Conference Series: Earth and Environmental Science},
  year          = {2009},
  date          = {2009},
  volume        = {6},
  number        = {37},
  doi           = {10.1088/1755-1307/6/7/372007},
  url           = {http://stacks.iop.org/1755-1315/6/i=37/a=372007?key=crossref.69544ee02328bd1221563edc11c16354},
  bdsk-url-1    = {http://stacks.iop.org/1755-1315/6/i=37/a=372007?key=crossref.69544ee02328bd1221563edc11c16354},
  bdsk-url-2    = {http://dx.doi.org/10.1088/1755-1307/6/7/372007},
  date-modified = {2017-03-21 01:57:57 +0000},
  issn          = {1755-1315},
  journal       = {IOP Conference Series: Earth and Environmental Science},
}

@InProceedings{Sparks2012,
  author        = {Sparks, A. and Savary, S. and Nelson, A.},
  title         = {Preventing what ails rice with a strategic, statistical, prescriptive model system},
  booktitle     = {Phytopathology},
  year          = {2012},
  date          = {2012},
  volume        = {102:S4.113},
  number        = {7},
  date-modified = {2017-03-21 01:53:44 +0000},
  journal       = {Phytopathology},
}

@InProceedings{Magculia2012,
  author        = {Magculia, N. J. and Sparks, A.},
  title         = {Predisposition factors affecting brown spot disease development in rice},
  booktitle     = {Phytopathology},
  year          = {2012},
  date          = {2012},
  volume        = {102:S4.74},
  number        = {7},
  date-modified = {2017-03-21 01:54:34 +0000},
  journal       = {Phytopathology},
}

@InProceedings{Savary2012,
  author        = {Savary, S. and Sparks, A. and Nelson, A. and McRoberts, N. and Esker, P. D.},
  title         = {Putting information to use: {Decisions} at different scales},
  booktitle     = {Phytopathology},
  year          = {2012},
  volume        = {102:S4.162},
  date          = {2012},
  date-modified = {2017-03-21 01:54:17 +0000},
  journal       = {Phytopathology},
}

@InProceedings{McKinley2011,
  author        = {McKinley, J. and Pede, V. O. and Sparks, A. and Duff, B.},
  title         = {An economic assessment of the impact of mango pulp weevil on the agricultural sector of {Palawan, Philippines}},
  booktitle     = {The Conference Secretariat, 2011 PAEDA Biennial Convention},
  year          = {2011},
  date          = {2011},
  date-modified = {2017-03-21 01:54:22 +0000},
  journal       = {The Conference Secretariat, 2011 PAEDA Biennial Convention},
}

@InProceedings{Ballesefin2011,
  author        = {Ballesefin, G. B. and Pede, V. O. and Sparks, A.},
  title         = {Income inequality and economic growth in the {Philippines}},
  booktitle     = {The Conference Secretariat, 2011 PAEDA Biennial Convention},
  year          = {2011},
  date          = {2011},
  date-modified = {2017-03-21 01:52:50 +0000},
  journal       = {The Conference Secretariat, 2011 PAEDA Biennial Convention},
}

@InProceedings{Sparks2011a,
  author    = {A. Sparks and D. Shah and E. DeWolf and L. Madden and P. Paul and K. Willyerd},
  title     = {Refined empirical models for predicting {Fusarium} head blight epidemics in the {United States}},
  booktitle = {Phytopathology},
  year      = {2011},
  volume    = {101:S223},
  date      = {2011},
  journal   = {Phytopathology},
}

@InProceedings{Willocquet2011,
  author        = {Willocquet, L. and Nelson, A. and Sparks, A. and Laborte, A. and Savary, S.},
  title         = {Crop losses in highly populated areas: A global perspective},
  booktitle     = {Phytopathology},
  year          = {2011},
  date          = {2011},
  volume        = {101:S223},
  date-modified = {2017-03-21 01:53:12 +0000},
  journal       = {Phytopathology},
}

@InProceedings{Sparks2010,
  author        = {Sparks, A. and Forbes, G. and Hijmans, R. and Garrett, K.},
  title         = {Metamodels for scaling potato late blight risk analysis in climate change scenarios},
  booktitle     = {Phytopathology},
  year          = {2010},
  date          = {2010},
  volume        = {100:S121},
  date-modified = {2017-03-21 01:53:50 +0000},
  journal       = {Phytopathology},
}

@InProceedings{Sparks2009,
  author        = {Sparks, A. and Forbes, G. and Garrett, K. A.},
  title         = {Adapting disease forecasting models to coarser scales: {Global} potato late blight prediction},
  booktitle     = {Phytopathology},
  year          = {2009},
  volume        = {99:S122},
  date          = {2009},
  date-modified = {2017-03-21 01:54:06 +0000},
  journal       = {Phytopathology},
}
{Sparks2009a,
  author        = {A. Sparks and K. A. Garrett and G. A. Forbes},
  title         = {Adapting global disease forecasting models for readily available weather data sets in {GIS},
  booktitle     = {Proceedings of the 10th International Epidemiology Workshop},
  year          = {2009},
  date          = {2009},
  pages         = {153-155},
  date-modified = {2017-03-21 01:53:59 +0000},
  editors       = {Gadoury, D. M. and Seem, R. C. and Moyer, M. M. and Fry, W. E.},
  journal       = {Proceedings of the 10th International Epidemiology Workshop},
}

@InProceedings{Sparks2008b,
  author        = {Sparks, A. and Raymundo, R. and Simon, R. and Forbes, G. and Garrett, K. A.},
  title         = {Regional predictions of potato late blight risk in a {GIS} incorporating disease resistance profiles, climate change, and risk neighborhoods},
  booktitle     = {Phytopathology},
  year          = {2008},
  date          = {2008},
  volume        = {98:S149},
  date-modified = {2017-03-21 01:54:11 +0000},
  journal       = {Phytopathology},
}

@InProceedings{Kelly2017,
  author       = {L. Kelly and J. White and M. Sharman and H. Brier and L. Williams and R. Grams and D. Weir and A. Mckay and A. Sparks},
  title        = {Mungbean and sorghum disease update},
  year         = {2017},
  eventdate    = {2017-07-19},
  venue        = {Jondaryan Woolshed},
  organization = {GRDC},
  month        = jul,
  journal      = {GRDC Updates},
  journaltitle = {GRDC Updates (Jondaryan)},
}

@InProceedings{Adorada2018,
  author    = {D. L. Adorada and P. Gonzales and A. McKay and N. Vaghefi and A. Sparks},
  title     = {A broad look at charcoal rot in the {Northern Region} broadacre crops through soil sampling and in-crop surveys},
  booktitle = {Proceedings of the 10th Australasian Soilborne Diseases Symposium},
  year      = {2018},
  month     = sep,
  eventdate = {2018-09-04},
  journal   = {Proceedings of the 10th Australasian Soilborne Diseases Symposium},
  venue     = {National Wine Centre},
}

@InProceedings{Sparks2019ASGC,
  author    = {Sparks, A. and Diggle, A. and Galloway, J. and Kelly, L. and Melloy, P. and Weir, D.},
  title     = {A new tool to support mungbean growers and advisers in the fight against powdery mildew},
  journal = {Proceedings of the 2019 Australian Summer Grains Conference},
  year      = {2019},
  eventdate = {2019-07-10},
}

@InProceedings{Adorada2019,
  author  = {Adorada, D. L. and Adorada, E. E. and Gonzales, P. and Sparks, A.},
  title   = {Pathogenicity and aggressiveness of \textit{Macrophomina phaseolina} isolates to sorghum in {Australia's} northern grains region},
  year    = {2019},
  journal = {Proceedings of the 2019 Australian Summer Grains Conference},
}

@InProceedings{Vaghefi2019,
  author    = {Vaghefi, N. and Adorada, D. L. and Adorada, E. E. and Kelly, L. and Young, A. and Sparks, A.},
  title     = {Characterising the genotypic diversity of {\textit{Curtobacterium flaccumfaciens}} pv. \textit{flaccumfaciens}, the cause of tan spot on mungbean},
  journal = {Proceedings of the 2019 Australian Summer Grains Conference},
  year      = {2019},
}

@Comment{jabref-meta: databaseType:bibtex;}
