% Encoding: UTF-8

@TechReport{Raitzer2015,
  author     = {Raitzer, D. A. and Sparks, A. and Huelgas, Z. and Maligalig, R. and Balangue, Z. and Launio, C. and Daradjat, A. and Ahmed, H. U.},
  title      = {Is rice improvement still making a difference? Assessing the economic, poverty and food security impacts of rice varieties released from 1989 to 2009 in Bangladesh, Indonesia and the Philippines.},
  year       = {2015},
  date       = {2015},
  type       = {A report submitted to the Standing Panel on Impact Assessment (SPIA), CGIAR Independent Science and Partnership Council (ISPC). 128 pp.},
  url        = {http://impact.cgiar.org/rice-improvement-still-making-difference},
  bdsk-url-1 = {http://impact.cgiar.org/rice-improvement-still-making-difference},
  school     = {Standing Panel on Impact Assessment (SPIA), CGIAR Independent Science and Partnership Council (ISPC)},
}

@TechReport{Geisler2004,
  author        = {Geisler, L. J. and Sparks, A.},
  title         = {Evaluation of seed treatment for controlling seedling diseases and compatibility with Rhizobium inoculants, 2003.},
  year          = {2004},
  date          = {2004},
  type          = {Fungicide and Nematicide Tests},
  number        = {59:ST025},
  date-added    = {2013-07-19 23:26:59 +0000},
  date-modified = {2013-07-19 23:28:16 +0000},
  school        = {The American Phytopathological Society, St. Paul, MN},
}

@TechReport{Geisler2004a,
  author        = {Geisler, L. J. and Sparks, A.},
  title         = {Evaluation of seed treatment fungicides for controlling soybean seedling diseases, 2003},
  year          = {2004},
  date          = {2004},
  type          = {Fungicide and Nematicide Tests},
  number        = {59:ST025},
  date-added    = {2013-07-19 23:25:03 +0000},
  date-modified = {2013-07-19 23:28:10 +0000},
  school        = {The American Phytopathological Society, St. Paul, MN},
}

@Comment{jabref-meta: databaseType:bibtex;}
