% Encoding: UTF-8

@Article{mccoy2019hagis,
  author       = {McCoy, A. G. and Noel, Z. A. and Sparks, A. and Chilvers, M.},
  title        = {{hagis}, an {R} package resource for pathotype analysis of {\textit{Phytophthora sojae}} populations causing stem and root rot of soybean},
  journal      = {Molecular Plant-Microbe Interactions},
  year         = {2019},
  volume       = {32},
  number       = {12},
  month        = nov,
  doi          = {10.1094/MPMI-07-19-0180-A},
  journaltitle = {Molecular Plant-Microbe Interactions},
  publisher    = {Am Phytopath Society},
}

@Article{Sparks2018,
  author       = {A. Sparks},
  title        = {{nasapower}: {A NASA POWER} global meteorology, surface solar energy and climatology data client for {R}},
  journal      = {The Journal of Open Source Software},
  year         = {2018},
  volume       = {3},
  pages        = {1035},
  month        = oct,
  doi          = {10.21105/joss.01035},
  journaltitle = {Journal of Open Source Software},
}

@Article{Sparks2017a,
  author       = {A. Sparks and M. Padgham and H. Parsonage and K. Pembleton},
  title        = {{bomrang}: {Fetch Australian} government {Bureau of Meteorology} weather data},
  journal      = {The Journal of Open Source Software},
  year         = {2017},
  volume       = {2},
  number       = {17},
  month        = sep,
  bdsk-url-1   = {https://doi.org/10.21105/joss.00411},
  doi          = {10.21105/joss.00411},
  journaltitle = {The Journal of Open Source Software},
}

@Article{Sparks2017c,
  author       = {A. Sparks},
  title        = {{getCRUCLdata}: {Use} and explore {CRU CL} v. 2.0 climatology elements in {R}},
  journal      = {The Journal of Open Source Software},
  year         = {2017},
  volume       = {2},
  number       = {12},
  month        = apr,
  bdsk-url-1   = {https://doi.org/10.21105%2Fjoss.00230},
  bdsk-url-2   = {http://dx.doi.org/10.21105/joss.00230},
  doi          = {10.21105/joss.00230},
  journaltitle = {The Journal of Open Source Software},
}

@Article{Sparks2017,
  author       = {A. Sparks and T. Hengl and A. Nelson},
  title        = {{GSODR}: {Global} summary daily weather data in {R}},
  journal      = {The Journal of Open Source Software},
  year         = {2017},
  volume       = {2},
  number       = {10},
  month        = feb,
  bdsk-url-1   = {https://doi.org/10.21105%2Fjoss.00177},
  doi          = {10.21105/joss.00177},
  journaltitle = {The Journal of Open Source Software},
}

@Comment{jabref-meta: databaseType:bibtex;}
